@MISC{DNS,
    author = "{Oracle Corporation and/or its affiliates}",
    title  = "{\it System Administration Guide: Naming and Directory Services}",
    year   = "2010",
    url    = "https://docs.oracle.com/cd/E19683-01/806-4077/6jd6blbbp/index.html",
    note = "[Online; Accessed: 2018-10-11]",
}

https://www.ietf.org/rfc/rfc1035.txt

@MISC{RFC1035,
    author = "{P. Mockapetris}",
    title  = "{\it DOMAIN NAMES - IMPLEMENTATION AND SPECIFICATION}",
    year   = "1987",
    url    = "https://www.ietf.org/rfc/rfc1035.txt",
    note = "[Online; Accessed: 2018-09-29]",
}

@MISC{INFORMATIONS,
    author = "{Network Sorcery, Inc.}",
    title  = "{\it DNS, DOMAIN NAME SYSTEM}",
    year   = "1998-2018",
    url    = "http://www.networksorcery.com/enp/protocol/dns.htm",
    note = "[Online; Accessed: 2018-10-12]",
}
